<record xmlns='http://www.loc.gov/MARC21/slim'><leader>01514cgm a2200337 a 4500</leader><controlfield tag='001'>5676065</controlfield><controlfield tag='005'>20141229140714.0</controlfield><controlfield tag='007'>vf cbahom</controlfield><controlfield tag='008'>050927s1988    xxu058            vleng d</controlfield><datafield ind1=' ' ind2=' ' tag='035'><subfield code='a'>5676065</subfield></datafield><datafield ind1=' ' ind2=' ' tag='035'><subfield code='a'>(OCoLC)74929820</subfield></datafield><datafield ind1=' ' ind2=' ' tag='040'><subfield code='a'>NIC</subfield><subfield code='c'>NIC</subfield></datafield><datafield ind1=' ' ind2=' ' tag='043'><subfield code='a'>f-sa---</subfield></datafield><datafield ind1='0' ind2='0' tag='245'><subfield code='a'>Apartheid forum</subfield><subfield code='h'>[videorecording] :</subfield><subfield code='b'>Cornell African Students Association /</subfield><subfield code='c'>Africana Studies and Research Center, Cornell University.</subfield></datafield><datafield ind1=' ' ind2=' ' tag='260'><subfield code='c'>1988.</subfield></datafield><datafield ind1=' ' ind2=' ' tag='300'><subfield code='a'>1 videocassette (58 min.) :</subfield><subfield code='b'>sd., col. ;</subfield><subfield code='c'>1/2 in.</subfield></datafield><datafield ind1=' ' ind2='0' tag='440'><subfield code='a'>Africana Studies and Research Center colloquium series</subfield></datafield><datafield ind1=' ' ind2=' ' tag='538'><subfield code='a'>VHS.</subfield></datafield><datafield ind1=' ' ind2=' ' tag='500'><subfield code='a'>Title from videocasette label.</subfield></datafield><datafield ind1='0' ind2=' ' tag='511'><subfield code='a'>Locksley Edmonson, Sithole (representative for the ANC), Ann Ngutshana, Roy Gentle, Biodun Jeylfo, Kojo Busia.</subfield></datafield><datafield ind1=' ' ind2=' ' tag='518'><subfield code='a'>Videotaped at Africana Studies and Research Center, Cornell University on November 19, 1988.</subfield></datafield><datafield ind1=' ' ind2=' ' tag='520'><subfield code='a'>Discussions covering issues of Apartheid in South Africa and its relationship to the rest of the world, and an analysis of global perspectives on Apartheid.</subfield></datafield><datafield ind1=' ' ind2='0' tag='650'><subfield code='a'>Apartheid</subfield><subfield code='z'>South Africa.</subfield></datafield><datafield ind1=' ' ind2='0' tag='650'><subfield code='a'>Apartheid</subfield><subfield code='x'>Social aspects</subfield><subfield code='z'>South Africa.</subfield></datafield><datafield ind1=' ' ind2='7' tag='650'><subfield code='a'>Apartheid</subfield><subfield code='2'>fast</subfield><subfield code='0'>(OCoLC)fst00811112</subfield></datafield><datafield ind1=' ' ind2='7' tag='650'><subfield code='a'>Apartheid</subfield><subfield code='x'>Social aspects</subfield><subfield code='2'>fast</subfield><subfield code='0'>(OCoLC)fst00811125</subfield></datafield><datafield ind1=' ' ind2='7' tag='651'><subfield code='a'>South Africa</subfield><subfield code='2'>fast</subfield><subfield code='0'>(OCoLC)fst01204616</subfield></datafield><datafield ind1='1' ind2=' ' tag='700'><subfield code='a'>Edmonson, Locksley.</subfield></datafield><datafield ind1='2' ind2=' ' tag='710'><subfield code='a'>Cornell University.</subfield><subfield code='b'>Africana Studies and Research Center.</subfield></datafield><datafield ind1='1' ind2=' ' tag='948'><subfield code='a'>20050927</subfield><subfield code='b'>o</subfield><subfield code='d'>sok1</subfield><subfield code='e'>lts</subfield></datafield><datafield ind1='2' ind2=' ' tag='948'><subfield code='a'>20141229</subfield><subfield code='b'>m</subfield><subfield code='d'>batch</subfield><subfield code='e'>lts</subfield><subfield code='x'>addfast</subfield></datafield></record>